@article{aljalal_Mild_2024,
  title = {Mild Cognitive Impairment Detection with Optimally Selected EEG Channels Based on Variational Mode Decomposition and Supervised Machine Learning},
  author = {Aljalal, Majid and Molinas, Marta and Aldosari, Saeed A. and AlSharabi, Khalil and Abdurraqeeb, Akram M. and Alturki, Fahd A.},
  year = {2024},
  month = jan,
  journal = {Biomedical Signal Processing and Control},
  volume = {87},
  pages = {105462},
  issn = {1746-8094},
  doi = {10.1016/j.bspc.2023.105462},
  langid = {english},
  lccn = {2}
}

@article{bhattacharyya_Multivariate_2017,
  title = {A Multivariate Approach for Patient-Specific EEG Seizure Detection Using Empirical Wavelet Transform},
  author = {Bhattacharyya, Abhijit and Pachori, Ram Bilas},
  year = {2017},
  month = sep,
  journal = {IEEE Transactions on Biomedical Engineering},
  volume = {64},
  number = {9},
  pages = {2003--2015},
  issn = {0018-9294, 1558-2531},
  doi = {10.1109/TBME.2017.2650259},
  urldate = {2024-07-18},
  copyright = {https://ieeexplore.ieee.org/Xplorehelp/downloads/license-information/IEEE.html},
  lccn = {2}
}

@article{cicone_Multivariate_2022,
  title = {Multivariate Fast Iterative Filtering for the Decomposition of Nonstationary Signals},
  author = {Cicone, Antonio and Pellegrino, Enza},
  year = {2022},
  journal = {IEEE TRANSACTIONS ON SIGNAL PROCESSING},
  volume = {70},
  doi = {10.1109/TSP.2022.3157482},
  langid = {english},
  lccn = {2}
}

@article{dai_Bearing_2024,
  title = {Bearing Fault Diagnosis Based on POA-VMD with GADF-Swin Transformer Transfer Learning Network},
  author = {Dai, Xin and Yi, Kang and Wang, Fuling and Cai, Changxin and Tang, Wentao},
  year = {2024},
  month = oct,
  journal = {Measurement},
  volume = {238},
  pages = {115328},
  issn = {02632241},
  doi = {10.1016/j.measurement.2024.115328},
  urldate = {2024-08-19},
  langid = {english},
  lccn = {2}
}

@article{dong_Novel_2023,
  title = {Novel Seizure Detection Algorithm Based on Multi-Dimension Feature Selection},
  author = {Dong, Fang and Yuan, Zhanxing and Wu, Duanpo and Jiang, Lurong and Liu, Junbiao and Hu, Wei},
  year = {2023},
  month = jul,
  journal = {Biomedical Signal Processing and Control},
  volume = {84},
  pages = {104747},
  issn = {17468094},
  doi = {10.1016/j.bspc.2023.104747},
  urldate = {2024-06-28},
  langid = {english},
  lccn = {2}
}

@article{dragomiretskiy_Variational_2014,
  title = {Variational Mode Decomposition},
  author = {Dragomiretskiy, Konstantin and Zosso, Dominique},
  year = {2014},
  month = feb,
  journal = {IEEE Transactions on Signal Processing},
  volume = {62},
  number = {3},
  pages = {531--544},
  issn = {1053-587X, 1941-0476},
  doi = {10.1109/TSP.2013.2288675},
  urldate = {2024-06-23},
  copyright = {https://ieeexplore.ieee.org/Xplorehelp/downloads/license-information/IEEE.html},
  langid = {english},
  lccn = {2}
}

@article{fang_Structural_2024,
  title = {Structural Adaptive Damage Detection under Uncertainty Based on Probability Dissimilarity and Moving Average Control Chart},
  author = {Fang, Fang and Ouyang, Li and Meng, Yixing and Xu, Qiuhui and Chen, Jian and Qiu, Lei},
  year = {2024},
  month = feb,
  journal = {Measurement},
  volume = {225},
  pages = {114023},
  issn = {0263-2241},
  doi = {10.1016/j.measurement.2023.114023},
  urldate = {2024-11-06},
  langid = {english},
  lccn = {2}
}

@article{gilles_Empirical_2013,
  title = {Empirical Wavelet Transform},
  author = {Gilles, J{\'e}r{\^o}me},
  year = {2013},
  month = aug,
  journal = {IEEE Transactions on Signal Processing},
  volume = {61},
  number = {16},
  pages = {3999--4010},
  issn = {1053-587X},
  doi = {10.1109/TSP.2013.2265222},
  urldate = {2024-09-01},
  copyright = {https://ieeexplore.ieee.org/Xplorehelp/downloads/license-information/IEEE.html},
  langid = {english},
  lccn = {2}
}

@article{hou_Difference_2023,
  title = {Difference Mode Decomposition for Adaptive Signal Decomposition},
  author = {Hou, Bingchang and Wang, Dong and Xia, Tangbin and Peng, Zhike and Tsui, Kwok-Leung},
  year = {2023},
  month = may,
  journal = {Mechanical Systems and Signal Processing},
  volume = {191},
  pages = {110203},
  issn = {08883270},
  doi = {10.1016/j.ymssp.2023.110203},
  urldate = {2024-07-18},
  langid = {english},
  lccn = {1}
}

@article{hou_Impulsive_2024,
  title = {Impulsive Mode Decomposition},
  author = {Hou, Bingchang and Xie, Min and Yan, Hong and Wang, Dong},
  year = {2024},
  month = apr,
  journal = {Mechanical Systems and Signal Processing},
  volume = {211},
  pages = {111227},
  issn = {08883270},
  doi = {10.1016/j.ymssp.2024.111227},
  urldate = {2024-07-09},
  langid = {english},
  lccn = {1}
}

@article{jian_Grouped_2024,
  title = {Grouped Multivariate Variational Mode Decomposition With Application to EEG Analysis},
  author = {Jian, Jiawei and Wu, Duanpo and Cao, Jiuwen and Dong, Fang and Liu, Junbiao and Wang, Danping and Zhang, Shuchang},
  year = {2024},
  month = apr,
  journal = {IEEE Transactions on Biomedical Engineering},
  volume = {71},
  number = {4},
  pages = {1332--1344},
  issn = {0018-9294, 1558-2531},
  doi = {10.1109/TBME.2023.3334379},
  urldate = {2024-06-23},
  copyright = {https://ieeexplore.ieee.org/Xplorehelp/downloads/license-information/IEEE.html},
  langid = {english},
  lccn = {2}
}

@article{lang_Fast_2018,
  title = {Fast Multivariate Empirical Mode Decomposition},
  author = {Lang, Xun and Zheng, Qian and Zhang, Zhiming and Lu, Shan and Xie, Lei and Horch, Alexander and Su, Hongye},
  year = {2018},
  journal = {IEEE Access},
  volume = {6},
  pages = {65521--65538},
  issn = {2169-3536},
  doi = {10.1109/ACCESS.2018.2877150},
  urldate = {2024-09-13},
  copyright = {https://ieeexplore.ieee.org/Xplorehelp/downloads/license-information/OAPA.html},
  langid = {english},
  lccn = {3}
}

@article{leigh_Fast_2013,
  title = {Fast FIR Algorithms for the Continuous Wavelet Transform From Constrained Least Squares},
  author = {Leigh, George M},
  year = {2013},
  journal = {IEEE TRANSACTIONS ON SIGNAL PROCESSING},
  volume = {61},
  number = {1},
  doi = {10.1109/TSP.2012.2222376},
  langid = {english},
  lccn = {2}
}

@article{li_Application_2022,
  title = {Application of an EMG Interference Filtering Method to Dynamic ECGs Based on an Adaptive Wavelet-Wiener Filter and Adaptive Moving Average Filter},
  author = {Li, Yurong and Su, Zhichao and Chen, Kai and Zhang, Wenxuan and Du, Min},
  year = {2022},
  month = feb,
  journal = {Biomedical Signal Processing and Control},
  volume = {72},
  pages = {103344},
  issn = {1746-8094},
  doi = {10.1016/j.bspc.2021.103344},
  urldate = {2024-11-06},
  langid = {english},
  lccn = {2}
}

@article{liu_Successive_2022,
  title = {Successive Multivariate Variational Mode Decomposition Based on Instantaneous Linear Mixing Model},
  author = {Liu, Shuaishuai and Yu, Kaiping},
  year = {2022},
  month = jan,
  journal = {Signal Processing},
  volume = {190},
  pages = {108311},
  issn = {0165-1684},
  doi = {10.1016/j.sigpro.2021.108311},
  urldate = {2024-07-09},
  lccn = {2}
}

@article{lu_Realtime_2024,
  title = {Real-Time Chatter Detection Based on Fast Recursive Variational Mode Decomposition},
  author = {Lu, Yezhong and Ma, Haifeng and Zhang, Zhen and Jiang, Liping and Sun, Yuxin and Song, Qinghua and Liu, Zhanqiang},
  year = {2024},
  month = feb,
  journal = {The International Journal of Advanced Manufacturing Technology},
  volume = {130},
  number = {7-8},
  pages = {3275--3289},
  issn = {0268-3768},
  doi = {10.1007/s00170-023-12832-w},
  urldate = {2024-09-13},
  langid = {english},
  lccn = {3}
}

@article{meng_Modified_2024,
  title = {Modified Feature Mode Decomposition Guided by Spectral Structure Information for Machinery Fault Diagnosis},
  author = {Meng, Tao and Jiang, Xingxing and Song, Qiuyu and Hu, Zhihua and Guo, Jianfeng and Zhu, Zhongkui},
  year = {2024},
  journal = {IEEE Transactions on Instrumentation and Measurement},
  volume = {73},
  pages = {1--10},
  issn = {0018-9456},
  doi = {10.1109/TIM.2024.3427751},
  urldate = {2024-09-13},
  copyright = {https://ieeexplore.ieee.org/Xplorehelp/downloads/license-information/IEEE.html},
  langid = {english},
  lccn = {2}
}

@article{miao_Magnetic_2021,
  title = {Magnetic Anomaly Detection Based on Fast Convergence Wavelet Artificial Neural Network in the Aeromagnetic Field},
  author = {Miao, Cunxiao and Dong, Qi and Hao, Min and Wang, Chune and Cao, Jianguo},
  year = {2021},
  month = may,
  journal = {Measurement},
  volume = {176},
  pages = {109097},
  issn = {02632241},
  doi = {10.1016/j.measurement.2021.109097},
  urldate = {2024-08-18},
  langid = {english},
  lccn = {2}
}

@article{nazari_Successive_2020,
  title = {Successive Variational Mode Decomposition},
  author = {Nazari, Mojtaba and Sakhaei, Sayed Mahmoud},
  year = {2020},
  month = sep,
  journal = {Signal Processing},
  volume = {174},
  pages = {107610},
  issn = {0165-1684},
  doi = {10.1016/j.sigpro.2020.107610},
  urldate = {2024-07-08},
  lccn = {2}
}

@article{nazari_Variational_2018,
  title = {Variational Mode Extraction: A New Efficient Method to Derive Respiratory Signals from ECG},
  shorttitle = {Variational Mode Extraction},
  author = {Nazari, Mojtaba and Sakhaei, Sayed Mahmoud},
  year = {2018},
  month = jul,
  journal = {IEEE Journal of Biomedical and Health Informatics},
  volume = {22},
  number = {4},
  pages = {1059--1067},
  issn = {2168-2194, 2168-2208},
  doi = {10.1109/JBHI.2017.2734074},
  urldate = {2024-07-09},
  copyright = {https://ieeexplore.ieee.org/Xplorehelp/downloads/license-information/IEEE.html},
  lccn = {2}
}

@article{pan_Multisensor_2024,
  title = {Multi-Sensor Signal Fusion Method for Rolling Bearing Based on the Standard Relative Mean--Variance Value and Random Weighting Algorithm},
  author = {Pan, Zuozhou and Zhang, Zhengyuan and Zhao, Peng and Meng, Zong and Wang, Yuebin and Zheng, Yuanjin},
  year = {2024},
  month = aug,
  journal = {Measurement},
  volume = {235},
  pages = {114823},
  issn = {0263-2241},
  doi = {10.1016/j.measurement.2024.114823},
  langid = {english},
  lccn = {2}
}

@article{pang_Recursive_2022,
  title = {Recursive Variational Mode Extraction and Its Application in Rolling Bearing Fault Diagnosis},
  author = {Pang, Bin and Nazari, Mojtaba and Tang, Guiji},
  year = {2022},
  month = feb,
  journal = {Mechanical Systems and Signal Processing},
  volume = {165},
  pages = {108321},
  issn = {08883270},
  doi = {10.1016/j.ymssp.2021.108321},
  urldate = {2024-07-18},
  langid = {english},
  lccn = {1}
}

@article{rehman_Multivariate_2019,
  title = {Multivariate Variational Mode Decomposition},
  author = {Rehman, Naveed Ur and Aftab, Hania},
  year = {2019},
  month = dec,
  journal = {IEEE Transactions on Signal Processing},
  volume = {67},
  number = {23},
  pages = {6039--6052},
  issn = {1053-587X, 1941-0476},
  doi = {10.1109/TSP.2019.2951223},
  urldate = {2024-06-23},
  copyright = {https://ieeexplore.ieee.org/Xplorehelp/downloads/license-information/IEEE.html},
  langid = {english},
  lccn = {2}
}

@article{song_Smart_2023,
  title = {Smart Multichannel Mode Extraction for Enhanced Bearing Fault Diagnosis},
  author = {Song, Qiuyu and Jiang, Xingxing and Du, Guifu and Liu, Jie and Zhu, Zhongkui},
  year = {2023},
  month = apr,
  journal = {Mechanical Systems and Signal Processing},
  volume = {189},
  pages = {110107},
  issn = {08883270},
  doi = {10.1016/j.ymssp.2023.110107},
  urldate = {2024-07-15},
  langid = {english},
  lccn = {1}
}

@article{sun_Multivariate_2024,
  title = {Multivariate Short-Term Wind Speed Prediction Based on PSO-VMD-SE-ICEEMDAN Two-Stage Decomposition and Att-S2S},
  author = {Sun, Xiaoying and Liu, Haizhong},
  year = {2024},
  month = oct,
  journal = {Energy},
  volume = {305},
  pages = {132228},
  issn = {0360-5442},
  doi = {10.1016/j.energy.2024.132228},
  urldate = {2024-11-06},
  langid = {english},
  lccn = {1}
}

@article{wu_Novel_2024,
  title = {A Novel Seizure Detection Method Based on the Feature Fusion of Multimodal Physiological Signals},
  author = {Wu, Duanpo and Wei, Jun and Vidal, Pierre-Paul and Wang, Danping and Yuan, Yixuan and Cao, Jiuwen and Jiang, Tiejia},
  year = {2024},
  month = oct,
  journal = {IEEE Internet of Things Journal},
  volume = {11},
  number = {16},
  pages = {27545-27556},
  issn = {2327-4662, 2372-2541},
  doi = {10.1109/JIOT.2024.3398418},
  urldate = {2024-06-28},
  copyright = {https://ieeexplore.ieee.org/Xplorehelp/downloads/license-information/IEEE.html},
  langid = {english},
  lccn = {1}
}

@article{stankovic2020decomposition,
  title={On the decomposition of multichannel nonstationary multicomponent signals},
  author={Stankovi{\'c}, Ljubi{\v{s}}a and Brajovi{\'c}, Milo{\v{s}} and Dakovi{\'c}, Milo{\v{s}} and Mandic, Danilo},
  journal={Signal Processing},
  volume={167},
  number={107261},
  year={2020},
  publisher={Elsevier}
}

@article{ala2022alpha,
  title={Alpha oscillations during effortful continuous speech: From scalp EEG to ear-EEG},
  author={Ala, Tirdad Seifi and Alickovic, Emina and Cabrera, Alvaro Fuentes and Whitmer, William M and Hadley, Lauren V and Rank, Mike L and Lunner, Thomas and Graversen, Carina},
  journal={IEEE Transactions on Biomedical Engineering},
  volume={70},
  number={4},
  pages={1264--1273},
  year={2022},
  month=apr,
  publisher={IEEE}
}

@article{stankovic2018time,
  title={Time-frequency decomposition of multivariate multicomponent signals},
  author={Stankovi{\'c}, Ljubi{\v{s}}a and Mandi{\'c}, Danilo and Dakovi{\'c}, Milo{\v{s}} and Brajovi{\'c}, Milo{\v{s}}},
  journal={Signal Processing},
  volume={142},
  pages={468--479},
  year={2018},
  publisher={Elsevier}
}

@article{kim2020epileptic,
  title={Epileptic seizure detection and experimental treatment: a review},
  author={Kim, Taeho and Nguyen, Phuc and Pham, Nhat and Bui, Nam and Truong, Hoang and Ha, Sangtae and Vu, Tam},
  journal={Frontiers in Neurology},
  volume={11},
  pages={701},
  year={2020},
  month=jul,
  publisher={Frontiers Media SA}
}